<record><leader>00000cas a22000007a 4500</leader><controlfield tag="001">17282794</controlfield><controlfield tag="008">871223d19091916iauwr ne      0    0eng d</controlfield><datafield ind1=" " ind2=" " tag="010"><subfield code="a">sn 87058662 </subfield></datafield><datafield ind1=" " ind2=" " tag="040"><subfield code="a">INP</subfield><subfield code="b">eng</subfield><subfield code="c">INP</subfield><subfield code="d">OCLCQ</subfield></datafield><datafield ind1=" " ind2=" " tag="042"><subfield code="a">msc</subfield></datafield><datafield ind1="0" ind2="4" tag="245"><subfield code="a">The Spencer news.</subfield></datafield><datafield ind1=" " ind2=" " tag="260"><subfield code="a">Spencer, Iowa :</subfield><subfield code="b">Randall &amp; Gillespie,</subfield><subfield code="c">-1916.</subfield></datafield><datafield ind1=" " ind2=" " tag="300"><subfield code="a">v.</subfield></datafield><datafield ind1=" " ind2=" " tag="310"><subfield code="a">Weekly</subfield></datafield><datafield ind1="1" ind2=" " tag="362"><subfield code="a">Began Apr. 29 or May 6, 1909.</subfield></datafield><datafield ind1="0" ind2=" " tag="362"><subfield code="a">-v. 46, no. 9 (Feb. 29, 1916).</subfield></datafield><datafield ind1=" " ind2=" " tag="500"><subfield code="a">Publisher varies.</subfield></datafield><datafield ind1=" " ind2=" " tag="588"><subfield code="a">Description based on: Vol. 39, no. 18 (May 6, 1909).</subfield></datafield><datafield ind1=" " ind2=" " tag="752"><subfield code="a">United States</subfield><subfield code="b">Iowa</subfield><subfield code="c">Clay</subfield><subfield code="d">Spencer.</subfield></datafield><datafield ind1="0" ind2="0" tag="780"><subfield code="t">Clay County news</subfield><subfield code="w">(DLC)sn 84038473</subfield></datafield><datafield ind1="0" ind2="7" tag="785"><subfield code="t">Spencer herald (Spencer, Iowa)</subfield><subfield code="w">(DLC)sn 87058663</subfield></datafield><datafield ind1="0" ind2="7" tag="785"><subfield code="t">Spencer news-herald</subfield><subfield code="w">(DLC)sn 87058493</subfield></datafield></record>